 @article{main_literature, title={Measurement of enthalpies and heat capacities of activation by differential methods}, volume={65}, ISSN={0014-7672}, DOI={10.1039/tf9696500980}, journal={Transactions of the Faraday Society}, author={Albery, W. J. and Robinson, B. H.}, year={1969}, pages={980} }

 @article{other_literature_1, title={THE MEASUREMENT OF REACTION VELOCITY AND THE TEMPERATURE COEFFICIENT OF REACTION VELOCITY 1}, volume={45}, ISSN={0002-7863, 1520-5126}, DOI={10.1021/ja01659a010}, number={6}, journal={Journal of the American Chemical Society}, author={Rice, F. O. and Kilpatrick, Martin}, year={1923}, month={Jun}, pages={1401–1412} }

 @article{other_literature_2, title={381. Heats of activation of the acetone–iodine reaction}, volume={0}, ISSN={0368-1769}, DOI={10.1039/JR9340001744}, number={0}, journal={J. Chem. Soc.}, author={Smith, Gilbert F.}, year={1934}, pages={1744–1750} }

@book{regression_stat_book, place={Australia ; Pacific Grove, CA}, edition={2nd ed}, title={Statistical inference}, ISBN={9780534243128}, publisher={Thomson Learning}, author={Casella, George and Berger, Roger L.}, year={2002} }

@misc{iodoacetone, url={https://pubchem.ncbi.nlm.nih.gov/compound/76396}, abstractNote={Iodoacetone | C3H5IO | CID 76396 - structure, chemical names, physical and chemical properties, classification, patents, literature, biological activities, safety/hazards/toxicity information, supplier lists, and more.}, journal={PubChem}, publisher={National Center for Biotechnology Information} }

@article{iodine_coloring, title={THE COLOR OF IODINE SOLUTIONS.}, volume={31}, ISSN={0002-7863, 1520-5126}, DOI={10.1021/ja01931a005}, number={1}, journal={Journal of the American Chemical Society}, author={Hildebrand, Joel H. and Glascock, Ben Leon}, year={1909}, month={Jan}, pages={26–31} }

@book{mechanism_information_ketone, place={Menlo Park, Calif}, edition={2d ed}, title={Basic principles of organic chemistry}, ISBN={9780805383294}, publisher={W. A. Benjamin}, author={Roberts, John D. and Caserio, Marjorie C.}, year={1977} }

@article{acid_catalyst, title={Acid Catalysts in Industrial Hydrocarbon Chemistry}, volume={107}, ISSN={0009-2665, 1520-6890}, DOI={10.1021/cr068042e}, number={11}, journal={Chemical Reviews}, author={Busca, Guido}, year={2007}, month={Nov}, pages={5366–5410} }

@article{reversiblity, title={362. Kinetics of the chlorination of acetone in aqueous solution}, ISSN={0368-1769}, DOI={10.1039/jr9620001927}, journal={Journal of the Chemical Society (Resumed)}, author={Bell, R. P. and Yates, K.}, year={1962}, pages={1927} }